<?xml version="1.0" encoding="UTF-8"?><record xmlns="http://www.loc.gov/MARC21/slim" xmlns:cinclude="http://apache.org/cocoon/include/1.0" xmlns:zs="http://www.loc.gov/zing/srw/">
  <leader>00445cz  a2200133n  4500</leader>
  <controlfield tag="001">n  78082436 </controlfield>
  <controlfield tag="003">DLC</controlfield>
  <controlfield tag="005">19910219085256.4</controlfield>
  <controlfield tag="008">781107n| acannaab|          |n aaa |||  </controlfield>
  <datafield tag="010" ind1=" " ind2=" ">
    <subfield code="a">n  78082436 </subfield>
  </datafield>
  <datafield tag="040" ind1=" " ind2=" ">
    <subfield code="a">DLC</subfield>
    <subfield code="c">DLC</subfield>
    <subfield code="d">DLC</subfield>
  </datafield>
  <datafield tag="100" ind1="1" ind2="0">
    <subfield code="a">Nutt, Gary J.</subfield>
  </datafield>
  <datafield tag="670" ind1=" " ind2=" ">
    <subfield code="a">His A survey of remote ... 1978:</subfield>
    <subfield code="b">t.p. (Gary J. Nutt, Ph.D., consultant)</subfield>
  </datafield>
  <datafield tag="670" ind1=" " ind2=" ">
    <subfield code="a">His Centralized and distributed operating systems, c1991:</subfield>
    <subfield code="b">CIP t.p. (Gary J. Nutt; Univ. of Colorado)</subfield>
  </datafield>
</record>